<record><leader>00000cas a2200000 a 4500</leader><controlfield tag="001">9960380</controlfield><controlfield tag="008">830929d18191834mduwr ne      0   a0eng  </controlfield><datafield ind1=" " ind2=" " tag="010"><subfield code="a">sn 83016645 </subfield></datafield><datafield ind1=" " ind2=" " tag="040"><subfield code="a">DLC</subfield><subfield code="b">eng</subfield><subfield code="c">DLC</subfield><subfield code="d">NYG</subfield><subfield code="d">NPA</subfield><subfield code="d">NPX</subfield><subfield code="d">DLC</subfield><subfield code="d">PPM</subfield><subfield code="d">NJW</subfield><subfield code="d">MFN</subfield><subfield code="d">KNP</subfield><subfield code="d">CNK</subfield><subfield code="d">NVK</subfield><subfield code="d">WAU</subfield><subfield code="d">OCL</subfield><subfield code="d">NYS</subfield><subfield code="d">GUA</subfield><subfield code="d">UBY</subfield><subfield code="d">KRTAS</subfield><subfield code="d">DLC</subfield><subfield code="d">HNK</subfield><subfield code="d">DLC</subfield><subfield code="d">OCLCQ</subfield><subfield code="d">AGL</subfield><subfield code="d">OCLCF</subfield><subfield code="d">AQM</subfield><subfield code="d">CUS</subfield></datafield><datafield ind1=" " ind2=" " tag="012"><subfield code="l">1</subfield></datafield><datafield ind1=" " ind2=" " tag="019"><subfield code="a">1479841</subfield><subfield code="a">192112159</subfield></datafield><datafield ind1="0" ind2=" " tag="022"><subfield code="a">2155-8671</subfield><subfield code="2">1</subfield></datafield><datafield ind1=" " ind2=" " tag="042"><subfield code="a">pcc</subfield><subfield code="a">nsdp</subfield></datafield><datafield ind1=" " ind2=" " tag="043"><subfield code="a">n-us-md</subfield></datafield><datafield ind1="0" ind2="0" tag="050"><subfield code="a">Newspaper</subfield></datafield><datafield ind1="1" ind2="4" tag="050"><subfield code="a">S1</subfield><subfield code="b">.A3793</subfield></datafield><datafield ind1="0" ind2=" " tag="070"><subfield code="a">6</subfield><subfield code="b">Am33</subfield></datafield><datafield ind1="1" ind2="0" tag="082"><subfield code="a">630</subfield><subfield code="2">14</subfield></datafield><datafield ind1="0" ind2=" " tag="130"><subfield code="a">American farmer (Baltimore, Md. : 1819)</subfield></datafield><datafield ind1=" " ind2="0" tag="222"><subfield code="a">American farmer</subfield><subfield code="b">(Baltimore, Md. 1819)</subfield></datafield><datafield ind1="1" ind2="0" tag="245"><subfield code="a">American farmer :</subfield><subfield code="b">rural economy, internal improvements, news, prices current.</subfield></datafield><datafield ind1=" " ind2=" " tag="260"><subfield code="a">Baltimore, Md. :</subfield><subfield code="b">John S. Skinner</subfield></datafield><datafield ind1="3" ind2=" " tag="260"><subfield code="3">1830-&lt;1831&gt;:</subfield><subfield code="a">Baltimore :</subfield><subfield code="b">Irvine Hitchcock &amp; Co.</subfield></datafield><datafield ind1=" " ind2=" " tag="300"><subfield code="a">volumes</subfield></datafield><datafield ind1=" " ind2=" " tag="310"><subfield code="a">Weekly</subfield></datafield><datafield ind1=" " ind2=" " tag="336"><subfield code="a">text</subfield><subfield code="b">txt</subfield><subfield code="2">rdacontent</subfield></datafield><datafield ind1=" " ind2=" " tag="337"><subfield code="a">unmediated</subfield><subfield code="b">n</subfield><subfield code="2">rdamedia</subfield></datafield><datafield ind1=" " ind2=" " tag="338"><subfield code="a">volume</subfield><subfield code="b">nc</subfield><subfield code="2">rdacarrier</subfield></datafield><datafield ind1="0" ind2=" " tag="362"><subfield code="a">Vol. 1, no. 1 (Apr. 2, 1819)-v. 15, no. 52 (Mar. 7, 1834).</subfield></datafield><datafield ind1=" " ind2=" " tag="500"><subfield code="a">Title from caption.</subfield></datafield><datafield ind1=" " ind2=" " tag="500"><subfield code="a">Subtitle varies.</subfield></datafield><datafield ind1=" " ind2=" " tag="500"><subfield code="a">Editors: John S. Skinner, 1819-1830; Gideon B. Smith, 1830-&lt;1831&gt;.</subfield></datafield><datafield ind1=" " ind2=" " tag="500"><subfield code="a">"O fortunatos nimium sua si bona norint 'Agricolas' ... Virg."</subfield></datafield><datafield ind1="4" ind2=" " tag="510"><subfield code="a">Brigham, C.S. Early American newspapers</subfield><subfield code="c">p. 225</subfield></datafield><datafield ind1=" " ind2=" " tag="530"><subfield code="a">Available on microfilm from University Microfilms International (American periodicals series, 1800-1850), and on microfilm and microopaque from Readex Microprint Corp.; also available online.</subfield></datafield><datafield ind1=" " ind2="0" tag="650"><subfield code="a">Agriculture</subfield><subfield code="v">Newspapers.</subfield></datafield><datafield ind1=" " ind2="0" tag="651"><subfield code="a">Baltimore (Md.)</subfield><subfield code="v">Newspapers.</subfield></datafield><datafield ind1=" " ind2="7" tag="650"><subfield code="a">Agriculture.</subfield><subfield code="2">fast</subfield><subfield code="0">(OCoLC)fst00801355</subfield></datafield><datafield ind1=" " ind2="7" tag="651"><subfield code="a">Maryland</subfield><subfield code="z">Baltimore.</subfield><subfield code="2">fast</subfield><subfield code="0">(OCoLC)fst01204292</subfield></datafield><datafield ind1=" " ind2="7" tag="655"><subfield code="a">Newspapers.</subfield><subfield code="2">fast</subfield><subfield code="0">(OCoLC)fst01423814</subfield></datafield><datafield ind1=" " ind2="7" tag="655"><subfield code="a">Agricultural periodicals.</subfield><subfield code="2">local</subfield></datafield><datafield ind1=" " ind2="7" tag="655"><subfield code="a">Business and financial periodicals.</subfield><subfield code="2">local</subfield></datafield><datafield ind1=" " ind2=" " tag="752"><subfield code="a">United States</subfield><subfield code="b">Maryland</subfield><subfield code="d">Baltimore.</subfield></datafield><datafield ind1="0" ind2="8" tag="776"><subfield code="i">Microfilm version:</subfield><subfield code="t">American farmer (Baltimore, Md. : 1819)</subfield><subfield code="w">(DLC)  2010261034</subfield><subfield code="w">(OCoLC)648920473</subfield></datafield><datafield ind1="0" ind2="8" tag="776"><subfield code="i">Online version:</subfield><subfield code="t">American farmer (Baltimore, Md. : 1819)</subfield><subfield code="w">(DLC)  2008233075</subfield><subfield code="w">(OCoLC)123899917</subfield></datafield><datafield ind1="0" ind2="0" tag="785"><subfield code="t">Farmer &amp; gardener, and live-stock breeder &amp; manager</subfield><subfield code="x">2160-7346</subfield><subfield code="w">(DLC)sn 89060419</subfield><subfield code="w">(OCoLC)8999777</subfield></datafield><datafield ind1="4" ind2="1" tag="856"><subfield code="u">http://gateway.proquest.com/openurl?url_ver=Z39.88-2004&amp;res_dat=xri:pqd::hnp&amp;rft_val_fmt=info:ofi/fmt:kev:mtx:journal&amp;rft_dat=xri:pqd:PMID=41612</subfield></datafield><datafield ind1=" " ind2=" " tag="938"><subfield code="a">Kirtas Technologies, Inc.</subfield><subfield code="b">KRTS</subfield><subfield code="n">737499</subfield></datafield></record>